<!--Norway Credit notification camt054 local payments, one with unstructured message and one with KID -->
<Document xmlns="urn:iso:std:iso:20022:tech:xsd:camt.054.001.02" xmlns:xsi="http://www.w3.org/2001/XMLSchema-instance">
	<BkToCstmrDbtCdtNtfctn>
		<GrpHdr>
			<MsgId>CAMT06280420120903006</MsgId>
			<CreDtTm>2012-09-18T14:11:25</CreDtTm>
			<AddtlInf>/CRED/</AddtlInf>
		</GrpHdr>
		<Ntfctn>
			<Id>33221166772012083100001</Id>
			<CreDtTm>2012-09-18T14:11:25</CreDtTm>
			<Acct>
				<Id>
					<Othr>
						<Id>94970123456</Id>
						<SchmeNm>
							<Cd>BBAN</Cd>
						</SchmeNm>
					</Othr>
				</Id>
				<Ownr>
					<Id>
						<OrgId>
							<Othr>
								<Id>3322116677</Id>
								<SchmeNm>
									<Cd>BANK</Cd>
								</SchmeNm>
							</Othr>
						</OrgId>
					</Id>
				</Ownr>
				<Svcr>
					<FinInstnId>
						<BIC>HANDNOKK</BIC>
					</FinInstnId>
				</Svcr>
			</Acct>
			<TxsSummry>
				<TtlNtries>
					<NbOfNtries>2</NbOfNtries>
					<Sum>139714</Sum>
					<CdtDbtInd>CRDT</CdtDbtInd>
				</TtlNtries>
			</TxsSummry>
			<Ntry>
				<NtryRef>3322116677201208310000100001</NtryRef>
				<Amt Ccy="NOK">6712</Amt>
				<CdtDbtInd>CRDT</CdtDbtInd>
				<Sts>BOOK</Sts>
				<BookgDt>
					<Dt>2012-08-31</Dt>
				</BookgDt>
				<ValDt>
					<Dt>2012-08-31</Dt>
				</ValDt>
				<AcctSvcrRef>93197410001</AcctSvcrRef>
				<BkTxCd>
					<Domn>
						<Cd>PMNT</Cd>
						<Fmly>
							<Cd>RCDT</Cd>
							<SubFmlyCd>DMCT</SubFmlyCd>
						</Fmly>
					</Domn>
				</BkTxCd>
				<NtryDtls>
					<TxDtls>
						<AmtDtls>
							<InstdAmt>
								<Amt Ccy="NOK">6712</Amt>
							</InstdAmt>
						</AmtDtls>
						<RltdPties>
							<Dbtr>
								<Nm>Debtor AS</Nm>
								<PstlAdr>
									<StrtNm>Postboks 52</StrtNm>
									<PstCd>0300</PstCd>
									<TwnNm>OSLO</TwnNm>
								</PstlAdr>
							</Dbtr>
							<DbtrAcct>
								<Id>
									<Othr>
										<Id>90441234567</Id>
										<SchmeNm>
											<Cd>BBAN</Cd>
										</SchmeNm>
									</Othr>
								</Id>
							</DbtrAcct>
						</RltdPties>
						<RltdAgts>
							<CdtrAgt>
								<FinInstnId>
									<BIC>HANDNOKK</BIC>
								</FinInstnId>
							</CdtrAgt>
						</RltdAgts>
						<RmtInf>
							<Ustrd>fnr. 32008893 kredinr.03200256</Ustrd>
						</RmtInf>
					</TxDtls>
				</NtryDtls>
			</Ntry>
			<Ntry>
				<NtryRef>3322116677201208310000100002</NtryRef>
				<Amt Ccy="NOK">133002</Amt>
				<CdtDbtInd>CRDT</CdtDbtInd>
				<Sts>BOOK</Sts>
				<BookgDt>
					<Dt>2012-08-31</Dt>
				</BookgDt>
				<ValDt>
					<Dt>2012-08-31</Dt>
				</ValDt>
				<AcctSvcrRef>08031123257</AcctSvcrRef>
				<BkTxCd>
					<Domn>
						<Cd>PMNT</Cd>
						<Fmly>
							<Cd>RCDT</Cd>
							<SubFmlyCd>DMCT</SubFmlyCd>
						</Fmly>
					</Domn>
				</BkTxCd>
				<NtryDtls>
					<Btch>
						<NbOfTxs>3</NbOfTxs>
						<TtlAmt Ccy="NOK">133002</TtlAmt>
						<CdtDbtInd>CRDT</CdtDbtInd>
					</Btch>
					<TxDtls>
						<AmtDtls>
							<InstdAmt>
								<Amt Ccy="NOK">53819</Amt>
							</InstdAmt>
							<TxAmt>
								<Amt Ccy="NOK">53819</Amt>
							</TxAmt>
						</AmtDtls>
						<RltdPties>
							<DbtrAcct>
								<Id>
									<Othr>
										<Id>15032345678</Id>
										<SchmeNm>
											<Cd>BBAN</Cd>
										</SchmeNm>
									</Othr>
								</Id>
							</DbtrAcct>
						</RltdPties>
						<RltdAgts>
							<CdtrAgt>
								<FinInstnId>
									<BIC>HANDNOKK</BIC>
								</FinInstnId>
							</CdtrAgt>
						</RltdAgts>
						<RmtInf>
							<Strd>
								<RfrdDocAmt>
									<RmtdAmt Ccy="NOK">6360</RmtdAmt>
								</RfrdDocAmt>
								<CdtrRefInf>
									<Tp>
										<CdOrPrtry>
											<Cd>SCOR</Cd>
										</CdOrPrtry>
									</Tp>
									<Ref>250071320080433</Ref>
								</CdtrRefInf>
							</Strd>
							<Strd>
								<RfrdDocAmt>
									<RmtdAmt Ccy="NOK">172</RmtdAmt>
								</RfrdDocAmt>
								<CdtrRefInf>
									<Tp>
										<CdOrPrtry>
											<Cd>SCOR</Cd>
										</CdOrPrtry>
									</Tp>
									<Ref>250071320080946</Ref>
								</CdtrRefInf>
							</Strd>
							<Strd>
								<RfrdDocAmt>
									<RmtdAmt Ccy="NOK">47287</RmtdAmt>
								</RfrdDocAmt>
								<CdtrRefInf>
									<Tp>
										<CdOrPrtry>
											<Cd>SCOR</Cd>
										</CdOrPrtry>
									</Tp>
									<Ref>250071320084708</Ref>
								</CdtrRefInf>
							</Strd>
						</RmtInf>
					</TxDtls>
					<TxDtls>
						<AmtDtls>
							<InstdAmt>
								<Amt Ccy="NOK">30406</Amt>
							</InstdAmt>
							<TxAmt>
								<Amt Ccy="NOK">30406</Amt>
							</TxAmt>
						</AmtDtls>
						<RltdPties>
							<DbtrAcct>
								<Id>
									<Othr>
										<Id>32032705585</Id>
										<SchmeNm>
											<Cd>BBAN</Cd>
										</SchmeNm>
									</Othr>
								</Id>
							</DbtrAcct>
						</RltdPties>
						<RltdAgts>
							<CdtrAgt>
								<FinInstnId>
									<BIC>HANDNOKK</BIC>
								</FinInstnId>
							</CdtrAgt>
						</RltdAgts>
						<RmtInf>
							<Strd>
								<RfrdDocAmt>
									<RmtdAmt Ccy="NOK">21215</RmtdAmt>
								</RfrdDocAmt>
								<CdtrRefInf>
									<Tp>
										<CdOrPrtry>
											<Cd>SCOR</Cd>
										</CdOrPrtry>
									</Tp>
									<Ref>250268320084411</Ref>
								</CdtrRefInf>
							</Strd>
							<Strd>
								<RfrdDocAmt>
									<RmtdAmt Ccy="NOK">7785</RmtdAmt>
								</RfrdDocAmt>
								<CdtrRefInf>
									<Tp>
										<CdOrPrtry>
											<Cd>SCOR</Cd>
										</CdOrPrtry>
									</Tp>
									<Ref>250268320086317</Ref>
								</CdtrRefInf>
							</Strd>
							<Strd>
								<RfrdDocAmt>
									<RmtdAmt Ccy="NOK">1406</RmtdAmt>
								</RfrdDocAmt>
								<CdtrRefInf>
									<Tp>
										<CdOrPrtry>
											<Cd>SCOR</Cd>
										</CdOrPrtry>
									</Tp>
									<Ref>250285320086345</Ref>
								</CdtrRefInf>
							</Strd>
						</RmtInf>
					</TxDtls>
					<TxDtls>
						<AmtDtls>
							<InstdAmt>
								<Amt Ccy="NOK">48777</Amt>
							</InstdAmt>
							<TxAmt>
								<Amt Ccy="NOK">48777</Amt>
							</TxAmt>
						</AmtDtls>
						<RltdPties>
							<DbtrAcct>
								<Id>
									<Othr>
										<Id>85039876543</Id>
										<SchmeNm>
											<Cd>BBAN</Cd>
										</SchmeNm>
									</Othr>
								</Id>
							</DbtrAcct>
						</RltdPties>
						<RltdAgts>
							<CdtrAgt>
								<FinInstnId>
									<BIC>HANDNOKK</BIC>
								</FinInstnId>
							</CdtrAgt>
						</RltdAgts>
						<RmtInf>
							<Strd>
								<RfrdDocAmt>
									<RmtdAmt Ccy="NOK">12785</RmtdAmt>
								</RfrdDocAmt>
								<CdtrRefInf>
									<Tp>
										<CdOrPrtry>
											<Cd>SCOR</Cd>
										</CdOrPrtry>
									</Tp>
									<Ref>250143320086668</Ref>
								</CdtrRefInf>
							</Strd>
							<Strd>
								<RfrdDocAmt>
									<RmtdAmt Ccy="NOK">10525</RmtdAmt>
								</RfrdDocAmt>
								<CdtrRefInf>
									<Tp>
										<CdOrPrtry>
											<Cd>SCOR</Cd>
										</CdOrPrtry>
									</Tp>
									<Ref>250258320081566</Ref>
								</CdtrRefInf>
							</Strd>
							<Strd>
								<RfrdDocAmt>
									<RmtdAmt Ccy="NOK">14887</RmtdAmt>
								</RfrdDocAmt>
								<CdtrRefInf>
									<Tp>
										<CdOrPrtry>
											<Cd>SCOR</Cd>
										</CdOrPrtry>
									</Tp>
									<Ref>250258320083356</Ref>
								</CdtrRefInf>
							</Strd>
							<Strd>
								<RfrdDocAmt>
									<RmtdAmt Ccy="NOK">7671</RmtdAmt>
								</RfrdDocAmt>
								<CdtrRefInf>
									<Tp>
										<CdOrPrtry>
											<Cd>SCOR</Cd>
										</CdOrPrtry>
									</Tp>
									<Ref>250258320084933</Ref>
								</CdtrRefInf>
							</Strd>
							<Strd>
								<RfrdDocAmt>
									<RmtdAmt Ccy="NOK">2909</RmtdAmt>
								</RfrdDocAmt>
								<CdtrRefInf>
									<Tp>
										<CdOrPrtry>
											<Cd>SCOR</Cd>
										</CdOrPrtry>
									</Tp>
									<Ref>250269320086752</Ref>
								</CdtrRefInf>
							</Strd>
						</RmtInf>
					</TxDtls>
				</NtryDtls>
			</Ntry>
		</Ntfctn>
	</BkToCstmrDbtCdtNtfctn>
</Document>
