<?xml version="1.0" encoding="UTF-8"?><Document xmlns="urn:iso:std:iso:20022:tech:xsd:camt.054.001.02" xmlns:xsi="http://www.w3.org/2001/XMLSchema-instance"><BkToCstmrDbtCdtNtfctn><GrpHdr><MsgId>CAMT15182620140917002</MsgId><CreDtTm>2014-09-17T15:18:27</CreDtTm><AddtlInf>/NOTF/</AddtlInf></GrpHdr><Ntfctn><Id>55675000292014091700001</Id><CreDtTm>2014-09-17T15:18:27</CreDtTm><Acct><Id><IBAN>SE3860000000000093225199</IBAN></Id><Ccy>EUR</Ccy><Ownr><Id><OrgId><Othr><Id>5567500029</Id><SchmeNm><Cd>BANK</Cd></SchmeNm></Othr></OrgId></Id></Ownr><Svcr><FinInstnId><BIC>HANDSES0</BIC></FinInstnId></Svcr></Acct><TxsSummry><TtlNtries><NbOfNtries>11</NbOfNtries><TtlNetNtryAmt>.2</TtlNetNtryAmt><CdtDbtInd>CRDT</CdtDbtInd></TtlNtries><TtlCdtNtries><NbOfNtries>1</NbOfNtries><Sum>11.55</Sum></TtlCdtNtries><TtlDbtNtries><NbOfNtries>10</NbOfNtries><Sum>11.35</Sum></TtlDbtNtries></TxsSummry><Ntry><NtryRef>5567500029201409170000100001</NtryRef><Amt Ccy="EUR">11.55</Amt><CdtDbtInd>CRDT</CdtDbtInd><Sts>BOOK</Sts><BookgDt><Dt>2014-09-17</Dt></BookgDt><ValDt><Dt>2014-09-17</Dt></ValDt><AcctSvcrRef>HAND140912AAAGTT46</AcctSvcrRef><BkTxCd><Domn><Cd>PMNT</Cd><Fmly><Cd>IDDT</Cd><SubFmlyCd>BBDD</SubFmlyCd></Fmly></Domn></BkTxCd><NtryDtls><Btch><NbOfTxs>10</NbOfTxs><TtlAmt Ccy="EUR">11.55</TtlAmt><CdtDbtInd>CRDT</CdtDbtInd></Btch><TxDtls><Refs><MsgId>03 2014-09-17 Deb_4 felaktiga</MsgId><PmtInfId>03 2014-09-17 Deb_4 felaktiga</PmtInfId><EndToEndId>5_0001 2014-09-17</EndToEndId><MndtId>MDSE20140911</MndtId></Refs><AmtDtls><InstdAmt><Amt Ccy="EUR">1.11</Amt></InstdAmt><TxAmt><Amt Ccy="EUR">1.11</Amt></TxAmt></AmtDtls><RltdPties><Dbtr><Nm>The name of the debtor, DE TO SE</Nm><Id><OrgId><Othr><Id>5567578793</Id><SchmeNm><Cd>CUST</Cd></SchmeNm></Othr></OrgId></Id></Dbtr><DbtrAcct><Id><IBAN>SE0660000000000093206569</IBAN></Id></DbtrAcct><Cdtr><Nm>Ellens Artist</Nm><PstlAdr><Ctry>DE</Ctry></PstlAdr><Id><PrvtId><Othr><Id>DE51ZZZ12345678901</Id><SchmeNm><Prtry>SEPA</Prtry></SchmeNm></Othr></PrvtId></Id></Cdtr><CdtrAcct><Id><IBAN>SE3860000000000093225199</IBAN></Id></CdtrAcct></RltdPties><RltdAgts><DbtrAgt><FinInstnId><BIC>HANDSES0</BIC></FinInstnId></DbtrAgt><CdtrAgt><FinInstnId><BIC>HANDSES0</BIC></FinInstnId></CdtrAgt></RltdAgts><RmtInf><Ustrd>Ustructed Remittance information</Ustrd></RmtInf></TxDtls><TxDtls><Refs><MsgId>03 2014-09-17 Deb_4 felaktiga</MsgId><PmtInfId>03 2014-09-17 Deb_4 felaktiga</PmtInfId><EndToEndId>5_0002 2014-09-17</EndToEndId><MndtId>MDDE20140911</MndtId></Refs><AmtDtls><InstdAmt><Amt Ccy="EUR">1.12</Amt></InstdAmt><TxAmt><Amt Ccy="EUR">1.12</Amt></TxAmt></AmtDtls><RltdPties><Dbtr><Nm>The name of the debtor, DE to DE</Nm><Id><OrgId><Othr><Id>5567578793</Id><SchmeNm><Cd>CUST</Cd></SchmeNm></Othr></OrgId></Id></Dbtr><DbtrAcct><Id><IBAN>DE08514206000010018020</IBAN></Id></DbtrAcct><Cdtr><Nm>Ellens Artist</Nm><PstlAdr><Ctry>DE</Ctry></PstlAdr><Id><PrvtId><Othr><Id>DE51ZZZ12345678901</Id><SchmeNm><Prtry>SEPA</Prtry></SchmeNm></Othr></PrvtId></Id></Cdtr><CdtrAcct><Id><IBAN>SE3860000000000093225199</IBAN></Id></CdtrAcct></RltdPties><RltdAgts><DbtrAgt><FinInstnId><BIC>HANDDEF0</BIC></FinInstnId></DbtrAgt><CdtrAgt><FinInstnId><BIC>HANDSES0</BIC></FinInstnId></CdtrAgt></RltdAgts><RmtInf><Ustrd>Ustructed Remittance information</Ustrd></RmtInf></TxDtls><TxDtls><Refs><MsgId>03 2014-09-17 Deb_4 felaktiga</MsgId><PmtInfId>03 2014-09-17 Deb_4 felaktiga</PmtInfId><EndToEndId>5_0003 2014-09-17</EndToEndId><MndtId>MDDEF20130808</MndtId></Refs><AmtDtls><InstdAmt><Amt Ccy="EUR">1.13</Amt></InstdAmt><TxAmt><Amt Ccy="EUR">1.13</Amt></TxAmt></AmtDtls><RltdPties><Dbtr><Nm>The name of the debtor, DE to DE</Nm><Id><OrgId><Othr><Id>5567578793</Id><SchmeNm><Cd>CUST</Cd></SchmeNm></Othr></OrgId></Id></Dbtr><DbtrAcct><Id><IBAN>DE89370400440532013000</IBAN></Id></DbtrAcct><Cdtr><Nm>Ellens Artist</Nm><PstlAdr><Ctry>DE</Ctry></PstlAdr><Id><PrvtId><Othr><Id>DE51ZZZ12345678901</Id><SchmeNm><Prtry>SEPA</Prtry></SchmeNm></Othr></PrvtId></Id></Cdtr><CdtrAcct><Id><IBAN>SE3860000000000093225199</IBAN></Id></CdtrAcct></RltdPties><RltdAgts><DbtrAgt><FinInstnId><BIC>HANDDEF0</BIC></FinInstnId></DbtrAgt><CdtrAgt><FinInstnId><BIC>HANDSES0</BIC></FinInstnId></CdtrAgt></RltdAgts><RmtInf><Ustrd>Ustructed Remittance information</Ustrd></RmtInf></TxDtls><TxDtls><Refs><MsgId>03 2014-09-17 Deb_4 felaktiga</MsgId><PmtInfId>03 2014-09-17 Deb_4 felaktiga</PmtInfId><EndToEndId>5_0004 2014-09-17</EndToEndId><MndtId>MDSE20140911</MndtId></Refs><AmtDtls><InstdAmt><Amt Ccy="EUR">1.14</Amt></InstdAmt><TxAmt><Amt Ccy="EUR">1.14</Amt></TxAmt></AmtDtls><RltdPties><Dbtr><Nm>The name of the debtor, DE TO SE</Nm><Id><OrgId><Othr><Id>5567578793</Id><SchmeNm><Cd>CUST</Cd></SchmeNm></Othr></OrgId></Id></Dbtr><DbtrAcct><Id><IBAN>SE0660000000000093206569</IBAN></Id></DbtrAcct><Cdtr><Nm>Ellens Artist</Nm><PstlAdr><Ctry>DE</Ctry></PstlAdr><Id><PrvtId><Othr><Id>DE51ZZZ12345678901</Id><SchmeNm><Prtry>SEPA</Prtry></SchmeNm></Othr></PrvtId></Id></Cdtr><CdtrAcct><Id><IBAN>SE3860000000000093225199</IBAN></Id></CdtrAcct></RltdPties><RltdAgts><DbtrAgt><FinInstnId><BIC>HANDSES0</BIC></FinInstnId></DbtrAgt><CdtrAgt><FinInstnId><BIC>HANDSES0</BIC></FinInstnId></CdtrAgt></RltdAgts><RmtInf><Ustrd>Ustructed Remittance information</Ustrd></RmtInf></TxDtls><TxDtls><Refs><MsgId>03 2014-09-17 Deb_4 felaktiga</MsgId><PmtInfId>03 2014-09-17 Deb_4 felaktiga</PmtInfId><EndToEndId>5_0005 2014-09-17</EndToEndId><MndtId>MDDE20140911</MndtId></Refs><AmtDtls><InstdAmt><Amt Ccy="EUR">1.15</Amt></InstdAmt><TxAmt><Amt Ccy="EUR">1.15</Amt></TxAmt></AmtDtls><RltdPties><Dbtr><Nm>The name of the debtor, DE to DE</Nm><Id><OrgId><Othr><Id>5567578793</Id><SchmeNm><Cd>CUST</Cd></SchmeNm></Othr></OrgId></Id></Dbtr><DbtrAcct><Id><IBAN>DE08514206000010018020</IBAN></Id></DbtrAcct><Cdtr><Nm>Ellens Artist</Nm><PstlAdr><Ctry>DE</Ctry></PstlAdr><Id><PrvtId><Othr><Id>DE51ZZZ12345678901</Id><SchmeNm><Prtry>SEPA</Prtry></SchmeNm></Othr></PrvtId></Id></Cdtr><CdtrAcct><Id><IBAN>SE3860000000000093225199</IBAN></Id></CdtrAcct></RltdPties><RltdAgts><DbtrAgt><FinInstnId><BIC>HANDDEF0</BIC></FinInstnId></DbtrAgt><CdtrAgt><FinInstnId><BIC>HANDSES0</BIC></FinInstnId></CdtrAgt></RltdAgts><RmtInf><Ustrd>Ustructed Remittance information</Ustrd></RmtInf></TxDtls><TxDtls><Refs><MsgId>03 2014-09-17 Deb_4 felaktiga</MsgId><PmtInfId>03 2014-09-17 Deb_4 felaktiga</PmtInfId><EndToEndId>5_0006 2014-09-17</EndToEndId><MndtId>MDDEF20130808</MndtId></Refs><AmtDtls><InstdAmt><Amt Ccy="EUR">1.16</Amt></InstdAmt><TxAmt><Amt Ccy="EUR">1.16</Amt></TxAmt></AmtDtls><RltdPties><Dbtr><Nm>The name of the debtor, DE to DE</Nm><Id><OrgId><Othr><Id>5567578793</Id><SchmeNm><Cd>CUST</Cd></SchmeNm></Othr></OrgId></Id></Dbtr><DbtrAcct><Id><IBAN>DE89370444440532413000</IBAN></Id></DbtrAcct><Cdtr><Nm>Ellens Artist</Nm><PstlAdr><Ctry>DE</Ctry></PstlAdr><Id><PrvtId><Othr><Id>DE51ZZZ12345678901</Id><SchmeNm><Prtry>SEPA</Prtry></SchmeNm></Othr></PrvtId></Id></Cdtr><CdtrAcct><Id><IBAN>SE3860000000000093225199</IBAN></Id></CdtrAcct></RltdPties><RltdAgts><DbtrAgt><FinInstnId><BIC>HANDDEF0</BIC></FinInstnId></DbtrAgt><CdtrAgt><FinInstnId><BIC>HANDSES0</BIC></FinInstnId></CdtrAgt></RltdAgts><RmtInf><Ustrd>Ustructed Remittance information</Ustrd></RmtInf></TxDtls><TxDtls><Refs><MsgId>03 2014-09-17 Deb_4 felaktiga</MsgId><PmtInfId>03 2014-09-17 Deb_4 felaktiga</PmtInfId><EndToEndId>5_0007 2014-09-17</EndToEndId><MndtId>MDNL20130808</MndtId></Refs><AmtDtls><InstdAmt><Amt Ccy="EUR">1.17</Amt></InstdAmt><TxAmt><Amt Ccy="EUR">1.17</Amt></TxAmt></AmtDtls><RltdPties><Dbtr><Nm>The name of the debtor, DE to NL</Nm><Id><OrgId><Othr><Id>5567588800</Id><SchmeNm><Cd>CUST</Cd></SchmeNm></Othr></OrgId></Id></Dbtr><DbtrAcct><Id><IBAN>NL21HAND0999119754</IBAN></Id></DbtrAcct><Cdtr><Nm>Ellens Artist</Nm><PstlAdr><Ctry>DE</Ctry></PstlAdr><Id><PrvtId><Othr><Id>DE51ZZZ12345678901</Id><SchmeNm><Prtry>SEPA</Prtry></SchmeNm></Othr></PrvtId></Id></Cdtr><CdtrAcct><Id><IBAN>SE3860000000000093225199</IBAN></Id></CdtrAcct></RltdPties><RltdAgts><DbtrAgt><FinInstnId><BIC>HANDNL20</BIC></FinInstnId></DbtrAgt><CdtrAgt><FinInstnId><BIC>HANDSES0</BIC></FinInstnId></CdtrAgt></RltdAgts><RmtInf><Ustrd>Ustructed Remittance information</Ustrd></RmtInf></TxDtls><TxDtls><Refs><MsgId>03 2014-09-17 Deb_4 felaktiga</MsgId><PmtInfId>03 2014-09-17 Deb_4 felaktiga</PmtInfId><EndToEndId>5_0008 2014-09-17</EndToEndId><MndtId>MDSE20140911</MndtId></Refs><AmtDtls><InstdAmt><Amt Ccy="EUR">1.18</Amt></InstdAmt><TxAmt><Amt Ccy="EUR">1.18</Amt></TxAmt></AmtDtls><RltdPties><Dbtr><Nm>The name of the debtor, DE TO SE</Nm><Id><OrgId><Othr><Id>5567578793</Id><SchmeNm><Cd>CUST</Cd></SchmeNm></Othr></OrgId></Id></Dbtr><DbtrAcct><Id><IBAN>SE0660000000000093206569</IBAN></Id></DbtrAcct><Cdtr><Nm>Ellens Artist</Nm><PstlAdr><Ctry>DE</Ctry></PstlAdr><Id><PrvtId><Othr><Id>DE51ZZZ12345678901</Id><SchmeNm><Prtry>SEPA</Prtry></SchmeNm></Othr></PrvtId></Id></Cdtr><CdtrAcct><Id><IBAN>SE3860000000000093225199</IBAN></Id></CdtrAcct></RltdPties><RltdAgts><DbtrAgt><FinInstnId><BIC>CITYUS33</BIC></FinInstnId></DbtrAgt><CdtrAgt><FinInstnId><BIC>HANDSES0</BIC></FinInstnId></CdtrAgt></RltdAgts><RmtInf><Ustrd>Ustructed Remittance information</Ustrd></RmtInf></TxDtls><TxDtls><Refs><MsgId>03 2014-09-17 Deb_4 felaktiga</MsgId><PmtInfId>03 2014-09-17 Deb_4 felaktiga</PmtInfId><EndToEndId>5_0009 2014-09-17</EndToEndId><MndtId>MDDE20140911</MndtId></Refs><AmtDtls><InstdAmt><Amt Ccy="EUR">1.19</Amt></InstdAmt><TxAmt><Amt Ccy="EUR">1.19</Amt></TxAmt></AmtDtls><RltdPties><Dbtr><Nm>The name of the debtor, DE to DE</Nm><Id><OrgId><Othr><Id>5567578793</Id><SchmeNm><Cd>CUST</Cd></SchmeNm></Othr></OrgId></Id></Dbtr><DbtrAcct><Id><IBAN>DE08514206000010018020</IBAN></Id></DbtrAcct><Cdtr><Nm>Ellens Artist</Nm><PstlAdr><Ctry>DE</Ctry></PstlAdr><Id><PrvtId><Othr><Id>DE51ZZZ12345678901</Id><SchmeNm><Prtry>SEPA</Prtry></SchmeNm></Othr></PrvtId></Id></Cdtr><CdtrAcct><Id><IBAN>SE3860000000000093225199</IBAN></Id></CdtrAcct></RltdPties><RltdAgts><DbtrAgt><FinInstnId><BIC>CITYUS33</BIC></FinInstnId></DbtrAgt><CdtrAgt><FinInstnId><BIC>HANDSES0</BIC></FinInstnId></CdtrAgt></RltdAgts><RmtInf><Ustrd>Ustructed Remittance information</Ustrd></RmtInf></TxDtls><TxDtls><Refs><MsgId>03 2014-09-17 Deb_4 felaktiga</MsgId><PmtInfId>03 2014-09-17 Deb_4 felaktiga</PmtInfId><EndToEndId>4_0010 2014-09-17</EndToEndId><MndtId>MDDEF20130808</MndtId></Refs><AmtDtls><InstdAmt><Amt Ccy="EUR">1.2</Amt></InstdAmt><TxAmt><Amt Ccy="EUR">1.2</Amt></TxAmt></AmtDtls><RltdPties><Dbtr><Nm>The name of the debtor, DE to DE</Nm><Id><OrgId><Othr><Id>5567578793</Id><SchmeNm><Cd>CUST</Cd></SchmeNm></Othr></OrgId></Id></Dbtr><DbtrAcct><Id><IBAN>DE89370400440532013000</IBAN></Id></DbtrAcct><Cdtr><Nm>Ellens Artist</Nm><PstlAdr><Ctry>DE</Ctry></PstlAdr><Id><PrvtId><Othr><Id>DE51ZZZ12345678901</Id><SchmeNm><Prtry>SEPA</Prtry></SchmeNm></Othr></PrvtId></Id></Cdtr><CdtrAcct><Id><IBAN>SE3860000000000093225199</IBAN></Id></CdtrAcct></RltdPties><RltdAgts><DbtrAgt><FinInstnId><BIC>HANDDEF0</BIC></FinInstnId></DbtrAgt><CdtrAgt><FinInstnId><BIC>HANDSES0</BIC></FinInstnId></CdtrAgt></RltdAgts><RmtInf><Ustrd>Ustructed Remittance information</Ustrd></RmtInf></TxDtls></NtryDtls></Ntry><Ntry><NtryRef>5567500029201409170000100002</NtryRef><Amt Ccy="EUR">1.16</Amt><CdtDbtInd>DBIT</CdtDbtInd><Sts>BOOK</Sts><BookgDt><Dt>2014-09-17</Dt></BookgDt><ValDt><Dt>2014-09-17</Dt></ValDt><AcctSvcrRef>HAND140912AAAGTT38</AcctSvcrRef><BkTxCd><Domn><Cd>PMNT</Cd><Fmly><Cd>IDDT</Cd><SubFmlyCd>UPDD</SubFmlyCd></Fmly></Domn></BkTxCd><NtryDtls><TxDtls><Refs><MsgId>03 2014-09-17 Deb 4 felaktiga</MsgId><AcctSvcrRef>HAND140912AAAGTT38</AcctSvcrRef><PmtInfId>03 2014-09-17 Deb 4 felaktiga</PmtInfId><EndToEndId>5 0006 2014-09-17</EndToEndId><MndtId>MDDEF20130808</MndtId></Refs><AmtDtls><InstdAmt><Amt Ccy="EUR">1.16</Amt></InstdAmt><TxAmt><Amt Ccy="EUR">1.16</Amt></TxAmt></AmtDtls><RltdPties><Dbtr><Nm>The name of the debtor, DE to DE</Nm></Dbtr><DbtrAcct><Id><IBAN>DE89370444440532413000</IBAN></Id></DbtrAcct><Cdtr><Nm>Ellens Artist</Nm><PstlAdr><Ctry>DE</Ctry></PstlAdr><Id><PrvtId><Othr><Id>DE51ZZZ12345678901</Id><SchmeNm><Prtry>SEPA</Prtry></SchmeNm></Othr></PrvtId></Id></Cdtr><CdtrAcct><Id><IBAN>SE3860000000000093225199</IBAN></Id></CdtrAcct></RltdPties><RltdAgts><DbtrAgt><FinInstnId><BIC>HANDDEF0</BIC></FinInstnId></DbtrAgt><CdtrAgt><FinInstnId><BIC>HANDSES0</BIC></FinInstnId></CdtrAgt></RltdAgts><RmtInf><Ustrd>Ustructed Remittance information</Ustrd></RmtInf><RtrInf><OrgnlBkTxCd><Domn><Cd>PMNT</Cd><Fmly><Cd>IDDT</Cd><SubFmlyCd>BBDD</SubFmlyCd></Fmly></Domn></OrgnlBkTxCd><Rsn><Prtry>P002</Prtry></Rsn></RtrInf></TxDtls></NtryDtls></Ntry><Ntry><NtryRef>5567500029201409170000100003</NtryRef><Amt Ccy="EUR">1.17</Amt><CdtDbtInd>DBIT</CdtDbtInd><Sts>BOOK</Sts><BookgDt><Dt>2014-09-17</Dt></BookgDt><ValDt><Dt>2014-09-17</Dt></ValDt><AcctSvcrRef>HAND140912AAAGTT40</AcctSvcrRef><BkTxCd><Domn><Cd>PMNT</Cd><Fmly><Cd>IDDT</Cd><SubFmlyCd>UPDD</SubFmlyCd></Fmly></Domn></BkTxCd><NtryDtls><TxDtls><Refs><MsgId>03 2014-09-17 Deb 4 felaktiga</MsgId><AcctSvcrRef>HAND140912AAAGTT40</AcctSvcrRef><PmtInfId>03 2014-09-17 Deb 4 felaktiga</PmtInfId><EndToEndId>5 0007 2014-09-17</EndToEndId><MndtId>MDNL20130808</MndtId></Refs><AmtDtls><InstdAmt><Amt Ccy="EUR">1.17</Amt></InstdAmt><TxAmt><Amt Ccy="EUR">1.17</Amt></TxAmt></AmtDtls><RltdPties><Dbtr><Nm>The name of the debtor, DE to NL</Nm></Dbtr><DbtrAcct><Id><IBAN>NL21HAND0999119754</IBAN></Id></DbtrAcct><Cdtr><Nm>Ellens Artist</Nm><PstlAdr><Ctry>DE</Ctry></PstlAdr><Id><PrvtId><Othr><Id>DE51ZZZ12345678901</Id><SchmeNm><Prtry>SEPA</Prtry></SchmeNm></Othr></PrvtId></Id></Cdtr><CdtrAcct><Id><IBAN>SE3860000000000093225199</IBAN></Id></CdtrAcct></RltdPties><RltdAgts><DbtrAgt><FinInstnId><BIC>HANDNL20</BIC></FinInstnId></DbtrAgt><CdtrAgt><FinInstnId><BIC>HANDSES0</BIC></FinInstnId></CdtrAgt></RltdAgts><RmtInf><Ustrd>Ustructed Remittance information</Ustrd></RmtInf><RtrInf><OrgnlBkTxCd><Domn><Cd>PMNT</Cd><Fmly><Cd>IDDT</Cd><SubFmlyCd>BBDD</SubFmlyCd></Fmly></Domn></OrgnlBkTxCd><Rsn><Prtry>P002</Prtry></Rsn></RtrInf></TxDtls></NtryDtls></Ntry><Ntry><NtryRef>5567500029201409170000100004</NtryRef><Amt Ccy="EUR">1.18</Amt><CdtDbtInd>DBIT</CdtDbtInd><Sts>BOOK</Sts><BookgDt><Dt>2014-09-17</Dt></BookgDt><ValDt><Dt>2014-09-17</Dt></ValDt><AcctSvcrRef>HAND140912AAAGTT42</AcctSvcrRef><BkTxCd><Domn><Cd>PMNT</Cd><Fmly><Cd>IDDT</Cd><SubFmlyCd>UPDD</SubFmlyCd></Fmly></Domn></BkTxCd><NtryDtls><TxDtls><Refs><MsgId>03 2014-09-17 Deb 4 felaktiga</MsgId><AcctSvcrRef>HAND140912AAAGTT42</AcctSvcrRef><PmtInfId>03 2014-09-17 Deb 4 felaktiga</PmtInfId><EndToEndId>5 0008 2014-09-17</EndToEndId><MndtId>MDSE20140911</MndtId></Refs><AmtDtls><InstdAmt><Amt Ccy="EUR">1.18</Amt></InstdAmt><TxAmt><Amt Ccy="EUR">1.18</Amt></TxAmt></AmtDtls><RltdPties><Dbtr><Nm>The name of the debtor, DE TO SE</Nm></Dbtr><DbtrAcct><Id><IBAN>SE0660000000000093206569</IBAN></Id></DbtrAcct><Cdtr><Nm>Ellens Artist</Nm><PstlAdr><Ctry>DE</Ctry></PstlAdr><Id><PrvtId><Othr><Id>DE51ZZZ12345678901</Id><SchmeNm><Prtry>SEPA</Prtry></SchmeNm></Othr></PrvtId></Id></Cdtr><CdtrAcct><Id><IBAN>SE3860000000000093225199</IBAN></Id></CdtrAcct></RltdPties><RltdAgts><DbtrAgt><FinInstnId><BIC>CITYUS33</BIC></FinInstnId></DbtrAgt><CdtrAgt><FinInstnId><BIC>HANDSES0</BIC></FinInstnId></CdtrAgt></RltdAgts><RmtInf><Ustrd>Ustructed Remittance information</Ustrd></RmtInf><RtrInf><OrgnlBkTxCd><Domn><Cd>PMNT</Cd><Fmly><Cd>IDDT</Cd><SubFmlyCd>BBDD</SubFmlyCd></Fmly></Domn></OrgnlBkTxCd><Rsn><Prtry>P002</Prtry></Rsn></RtrInf></TxDtls></NtryDtls></Ntry><Ntry><NtryRef>5567500029201409170000100005</NtryRef><Amt Ccy="EUR">1.19</Amt><CdtDbtInd>DBIT</CdtDbtInd><Sts>BOOK</Sts><BookgDt><Dt>2014-09-17</Dt></BookgDt><ValDt><Dt>2014-09-17</Dt></ValDt><AcctSvcrRef>HAND140912AAAGTT44</AcctSvcrRef><BkTxCd><Domn><Cd>PMNT</Cd><Fmly><Cd>IDDT</Cd><SubFmlyCd>UPDD</SubFmlyCd></Fmly></Domn></BkTxCd><NtryDtls><TxDtls><Refs><MsgId>03 2014-09-17 Deb 4 felaktiga</MsgId><AcctSvcrRef>HAND140912AAAGTT44</AcctSvcrRef><PmtInfId>03 2014-09-17 Deb 4 felaktiga</PmtInfId><EndToEndId>5 0009 2014-09-17</EndToEndId><MndtId>MDDE20140911</MndtId></Refs><AmtDtls><InstdAmt><Amt Ccy="EUR">1.19</Amt></InstdAmt><TxAmt><Amt Ccy="EUR">1.19</Amt></TxAmt></AmtDtls><RltdPties><Dbtr><Nm>The name of the debtor, DE to DE</Nm></Dbtr><DbtrAcct><Id><IBAN>DE08514206000010018020</IBAN></Id></DbtrAcct><Cdtr><Nm>Ellens Artist</Nm><PstlAdr><Ctry>DE</Ctry></PstlAdr><Id><PrvtId><Othr><Id>DE51ZZZ12345678901</Id><SchmeNm><Prtry>SEPA</Prtry></SchmeNm></Othr></PrvtId></Id></Cdtr><CdtrAcct><Id><IBAN>SE3860000000000093225199</IBAN></Id></CdtrAcct></RltdPties><RltdAgts><DbtrAgt><FinInstnId><BIC>CITYUS33</BIC></FinInstnId></DbtrAgt><CdtrAgt><FinInstnId><BIC>HANDSES0</BIC></FinInstnId></CdtrAgt></RltdAgts><RmtInf><Ustrd>Ustructed Remittance information</Ustrd></RmtInf><RtrInf><OrgnlBkTxCd><Domn><Cd>PMNT</Cd><Fmly><Cd>IDDT</Cd><SubFmlyCd>BBDD</SubFmlyCd></Fmly></Domn></OrgnlBkTxCd><Rsn><Prtry>P002</Prtry></Rsn></RtrInf></TxDtls></NtryDtls></Ntry><Ntry><NtryRef>5567500029201409170000100006</NtryRef><Amt Ccy="EUR">1.14</Amt><CdtDbtInd>DBIT</CdtDbtInd><Sts>BOOK</Sts><BookgDt><Dt>2014-09-17</Dt></BookgDt><ValDt><Dt>2014-09-17</Dt></ValDt><AcctSvcrRef>HAND140916AAAGTZ43</AcctSvcrRef><BkTxCd><Domn><Cd>PMNT</Cd><Fmly><Cd>IDDT</Cd><SubFmlyCd>UPDD</SubFmlyCd></Fmly></Domn></BkTxCd><NtryDtls><TxDtls><Refs><MsgId>03 2014-09-17 Deb 4 felaktiga</MsgId><AcctSvcrRef>HAND140916AAAGTZ43</AcctSvcrRef><PmtInfId>03 2014-09-17 Deb 4 felaktiga</PmtInfId><EndToEndId>5 0004 2014-09-17</EndToEndId><MndtId>MDSE20140911</MndtId></Refs><AmtDtls><InstdAmt><Amt Ccy="EUR">1.14</Amt></InstdAmt><TxAmt><Amt Ccy="EUR">1.14</Amt></TxAmt></AmtDtls><RltdPties><Dbtr><Nm>The name of the debtor, DE TO SE</Nm></Dbtr><DbtrAcct><Id><IBAN>SE0660000000000093206569</IBAN></Id></DbtrAcct><Cdtr><Nm>Ellens Artist</Nm><PstlAdr><Ctry>DE</Ctry></PstlAdr><Id><PrvtId><Othr><Id>DE51ZZZ12345678901</Id><SchmeNm><Prtry>SEPA</Prtry></SchmeNm></Othr></PrvtId></Id></Cdtr><CdtrAcct><Id><IBAN>SE3860000000000093225199</IBAN></Id></CdtrAcct></RltdPties><RltdAgts><DbtrAgt><FinInstnId><BIC>HANDSES0</BIC></FinInstnId></DbtrAgt><CdtrAgt><FinInstnId><BIC>HANDSES0</BIC></FinInstnId></CdtrAgt></RltdAgts><RmtInf><Ustrd>Ustructed Remittance information</Ustrd></RmtInf><RtrInf><OrgnlBkTxCd><Domn><Cd>PMNT</Cd><Fmly><Cd>IDDT</Cd><SubFmlyCd>BBDD</SubFmlyCd></Fmly></Domn></OrgnlBkTxCd><Rsn><Prtry>P002</Prtry></Rsn></RtrInf></TxDtls></NtryDtls></Ntry><Ntry><NtryRef>5567500029201409170000100007</NtryRef><Amt Ccy="EUR">1.12</Amt><CdtDbtInd>DBIT</CdtDbtInd><Sts>BOOK</Sts><BookgDt><Dt>2014-09-17</Dt></BookgDt><ValDt><Dt>2014-09-17</Dt></ValDt><AcctSvcrRef>HAND140916AAAGTZ44</AcctSvcrRef><BkTxCd><Domn><Cd>PMNT</Cd><Fmly><Cd>IDDT</Cd><SubFmlyCd>UPDD</SubFmlyCd></Fmly></Domn></BkTxCd><NtryDtls><TxDtls><Refs><MsgId>03 2014-09-17 Deb 4 felaktiga</MsgId><AcctSvcrRef>HAND140916AAAGTZ44</AcctSvcrRef><PmtInfId>03 2014-09-17 Deb 4 felaktiga</PmtInfId><EndToEndId>5 0002 2014-09-17</EndToEndId><MndtId>MDDE20140911</MndtId></Refs><AmtDtls><InstdAmt><Amt Ccy="EUR">1.12</Amt></InstdAmt><TxAmt><Amt Ccy="EUR">1.12</Amt></TxAmt></AmtDtls><RltdPties><Dbtr><Nm>The name of the debtor, DE to DE</Nm></Dbtr><DbtrAcct><Id><IBAN>DE08514206000010018020</IBAN></Id></DbtrAcct><Cdtr><Nm>Ellens Artist</Nm><PstlAdr><Ctry>DE</Ctry></PstlAdr><Id><PrvtId><Othr><Id>DE51ZZZ12345678901</Id><SchmeNm><Prtry>SEPA</Prtry></SchmeNm></Othr></PrvtId></Id></Cdtr><CdtrAcct><Id><IBAN>SE3860000000000093225199</IBAN></Id></CdtrAcct></RltdPties><RltdAgts><DbtrAgt><FinInstnId><BIC>HANDDEF0</BIC></FinInstnId></DbtrAgt><CdtrAgt><FinInstnId><BIC>HANDSES0</BIC></FinInstnId></CdtrAgt></RltdAgts><RmtInf><Ustrd>Ustructed Remittance information</Ustrd></RmtInf><RtrInf><OrgnlBkTxCd><Domn><Cd>PMNT</Cd><Fmly><Cd>IDDT</Cd><SubFmlyCd>BBDD</SubFmlyCd></Fmly></Domn></OrgnlBkTxCd><Rsn><Prtry>P002</Prtry></Rsn></RtrInf></TxDtls></NtryDtls></Ntry><Ntry><NtryRef>5567500029201409170000100008</NtryRef><Amt Ccy="EUR">1.13</Amt><CdtDbtInd>DBIT</CdtDbtInd><Sts>BOOK</Sts><BookgDt><Dt>2014-09-17</Dt></BookgDt><ValDt><Dt>2014-09-17</Dt></ValDt><AcctSvcrRef>HAND140916AAAGTZ45</AcctSvcrRef><BkTxCd><Domn><Cd>PMNT</Cd><Fmly><Cd>IDDT</Cd><SubFmlyCd>UPDD</SubFmlyCd></Fmly></Domn></BkTxCd><NtryDtls><TxDtls><Refs><MsgId>03 2014-09-17 Deb 4 felaktiga</MsgId><AcctSvcrRef>HAND140916AAAGTZ45</AcctSvcrRef><PmtInfId>03 2014-09-17 Deb 4 felaktiga</PmtInfId><EndToEndId>5 0003 2014-09-17</EndToEndId><MndtId>MDDEF20130808</MndtId></Refs><AmtDtls><InstdAmt><Amt Ccy="EUR">1.13</Amt></InstdAmt><TxAmt><Amt Ccy="EUR">1.13</Amt></TxAmt></AmtDtls><RltdPties><Dbtr><Nm>The name of the debtor, DE to DE</Nm></Dbtr><DbtrAcct><Id><IBAN>DE89370400440532013000</IBAN></Id></DbtrAcct><Cdtr><Nm>Ellens Artist</Nm><PstlAdr><Ctry>DE</Ctry></PstlAdr><Id><PrvtId><Othr><Id>DE51ZZZ12345678901</Id><SchmeNm><Prtry>SEPA</Prtry></SchmeNm></Othr></PrvtId></Id></Cdtr><CdtrAcct><Id><IBAN>SE3860000000000093225199</IBAN></Id></CdtrAcct></RltdPties><RltdAgts><DbtrAgt><FinInstnId><BIC>HANDDEF0</BIC></FinInstnId></DbtrAgt><CdtrAgt><FinInstnId><BIC>HANDSES0</BIC></FinInstnId></CdtrAgt></RltdAgts><RmtInf><Ustrd>Ustructed Remittance information</Ustrd></RmtInf><RtrInf><OrgnlBkTxCd><Domn><Cd>PMNT</Cd><Fmly><Cd>IDDT</Cd><SubFmlyCd>BBDD</SubFmlyCd></Fmly></Domn></OrgnlBkTxCd><Rsn><Prtry>P002</Prtry></Rsn></RtrInf></TxDtls></NtryDtls></Ntry><Ntry><NtryRef>5567500029201409170000100009</NtryRef><Amt Ccy="EUR">1.2</Amt><CdtDbtInd>DBIT</CdtDbtInd><Sts>BOOK</Sts><BookgDt><Dt>2014-09-17</Dt></BookgDt><ValDt><Dt>2014-09-17</Dt></ValDt><AcctSvcrRef>HAND140916AAAGTZ46</AcctSvcrRef><BkTxCd><Domn><Cd>PMNT</Cd><Fmly><Cd>IDDT</Cd><SubFmlyCd>UPDD</SubFmlyCd></Fmly></Domn></BkTxCd><NtryDtls><TxDtls><Refs><MsgId>03 2014-09-17 Deb 4 felaktiga</MsgId><AcctSvcrRef>HAND140916AAAGTZ46</AcctSvcrRef><PmtInfId>03 2014-09-17 Deb 4 felaktiga</PmtInfId><EndToEndId>4 0010 2014-09-17</EndToEndId><MndtId>MDDEF20130808</MndtId></Refs><AmtDtls><InstdAmt><Amt Ccy="EUR">1.2</Amt></InstdAmt><TxAmt><Amt Ccy="EUR">1.2</Amt></TxAmt></AmtDtls><RltdPties><Dbtr><Nm>The name of the debtor, DE to DE</Nm></Dbtr><DbtrAcct><Id><IBAN>DE89370400440532013000</IBAN></Id></DbtrAcct><Cdtr><Nm>Ellens Artist</Nm><PstlAdr><Ctry>DE</Ctry></PstlAdr><Id><PrvtId><Othr><Id>DE51ZZZ12345678901</Id><SchmeNm><Prtry>SEPA</Prtry></SchmeNm></Othr></PrvtId></Id></Cdtr><CdtrAcct><Id><IBAN>SE3860000000000093225199</IBAN></Id></CdtrAcct></RltdPties><RltdAgts><DbtrAgt><FinInstnId><BIC>HANDDEF0</BIC></FinInstnId></DbtrAgt><CdtrAgt><FinInstnId><BIC>HANDSES0</BIC></FinInstnId></CdtrAgt></RltdAgts><RmtInf><Ustrd>Ustructed Remittance information</Ustrd></RmtInf><RtrInf><OrgnlBkTxCd><Domn><Cd>PMNT</Cd><Fmly><Cd>IDDT</Cd><SubFmlyCd>BBDD</SubFmlyCd></Fmly></Domn></OrgnlBkTxCd><Rsn><Prtry>P002</Prtry></Rsn></RtrInf></TxDtls></NtryDtls></Ntry><Ntry><NtryRef>5567500029201409170000100010</NtryRef><Amt Ccy="EUR">1.01</Amt><CdtDbtInd>DBIT</CdtDbtInd><Sts>BOOK</Sts><BookgDt><Dt>2014-09-17</Dt></BookgDt><ValDt><Dt>2014-09-17</Dt></ValDt><AcctSvcrRef>HAND140917AAAGUA26</AcctSvcrRef><BkTxCd><Domn><Cd>PMNT</Cd><Fmly><Cd>IDDT</Cd><SubFmlyCd>UPDD</SubFmlyCd></Fmly></Domn></BkTxCd><NtryDtls><TxDtls><Refs><MsgId>02 2014-09-16 Deb 4 felaktiga</MsgId><AcctSvcrRef>HAND140917AAAGUA26</AcctSvcrRef><PmtInfId>02 2014-09-16 Deb 4 felaktiga</PmtInfId><EndToEndId>4 0001 2014-09-16</EndToEndId><MndtId>MDSE20140911</MndtId></Refs><AmtDtls><InstdAmt><Amt Ccy="EUR">1.01</Amt></InstdAmt><TxAmt><Amt Ccy="EUR">1.01</Amt></TxAmt></AmtDtls><RltdPties><Dbtr><Nm>The name of the debtor, DE TO SE</Nm></Dbtr><DbtrAcct><Id><IBAN>SE0660000000000093206569</IBAN></Id></DbtrAcct><Cdtr><Nm>Ellens Artist</Nm><PstlAdr><Ctry>DE</Ctry></PstlAdr><Id><PrvtId><Othr><Id>DE51ZZZ12345678901</Id><SchmeNm><Prtry>SEPA</Prtry></SchmeNm></Othr></PrvtId></Id></Cdtr><CdtrAcct><Id><IBAN>SE3860000000000093225199</IBAN></Id></CdtrAcct></RltdPties><RltdAgts><DbtrAgt><FinInstnId><BIC>HANDSES0</BIC></FinInstnId></DbtrAgt><CdtrAgt><FinInstnId><BIC>HANDSES0</BIC></FinInstnId></CdtrAgt></RltdAgts><RmtInf><Ustrd>Ustructed Remittance information</Ustrd></RmtInf><RtrInf><OrgnlBkTxCd><Domn><Cd>PMNT</Cd><Fmly><Cd>IDDT</Cd><SubFmlyCd>BBDD</SubFmlyCd></Fmly></Domn></OrgnlBkTxCd><Orgtr><Id><OrgId><BICOrBEI>HANDSES0</BICOrBEI></OrgId></Id></Orgtr><Rsn><Cd>AC01</Cd></Rsn></RtrInf></TxDtls></NtryDtls></Ntry><Ntry><NtryRef>5567500029201409170000100011</NtryRef><Amt Ccy="EUR">1.05</Amt><CdtDbtInd>DBIT</CdtDbtInd><Sts>BOOK</Sts><BookgDt><Dt>2014-09-17</Dt></BookgDt><ValDt><Dt>2014-09-17</Dt></ValDt><AcctSvcrRef>HAND140917AAAGUA27</AcctSvcrRef><BkTxCd><Domn><Cd>PMNT</Cd><Fmly><Cd>IDDT</Cd><SubFmlyCd>UPDD</SubFmlyCd></Fmly></Domn></BkTxCd><NtryDtls><TxDtls><Refs><MsgId>02 2014-09-16 Deb 4 felaktiga</MsgId><AcctSvcrRef>HAND140917AAAGUA27</AcctSvcrRef><PmtInfId>02 2014-09-16 Deb 4 felaktiga</PmtInfId><EndToEndId>4 0005 2014-09-16</EndToEndId><MndtId>MDDE20140911</MndtId></Refs><AmtDtls><InstdAmt><Amt Ccy="EUR">1.05</Amt></InstdAmt><TxAmt><Amt Ccy="EUR">1.05</Amt></TxAmt></AmtDtls><RltdPties><Dbtr><Nm>The name of the debtor, DE to DE</Nm></Dbtr><DbtrAcct><Id><IBAN>DE08514206000010018020</IBAN></Id></DbtrAcct><Cdtr><Nm>Ellens Artist</Nm><PstlAdr><Ctry>DE</Ctry></PstlAdr><Id><PrvtId><Othr><Id>DE51ZZZ12345678901</Id><SchmeNm><Prtry>SEPA</Prtry></SchmeNm></Othr></PrvtId></Id></Cdtr><CdtrAcct><Id><IBAN>SE3860000000000093225199</IBAN></Id></CdtrAcct></RltdPties><RltdAgts><DbtrAgt><FinInstnId><BIC>HANDDEF0</BIC></FinInstnId></DbtrAgt><CdtrAgt><FinInstnId><BIC>HANDSES0</BIC></FinInstnId></CdtrAgt></RltdAgts><RmtInf><Ustrd>Ustructed Remittance information</Ustrd></RmtInf><RtrInf><OrgnlBkTxCd><Domn><Cd>PMNT</Cd><Fmly><Cd>IDDT</Cd><SubFmlyCd>BBDD</SubFmlyCd></Fmly></Domn></OrgnlBkTxCd><Orgtr><Id><OrgId><BICOrBEI>HANDDEF0</BICOrBEI></OrgId></Id></Orgtr><Rsn><Cd>AG02</Cd></Rsn></RtrInf></TxDtls></NtryDtls></Ntry></Ntfctn></BkToCstmrDbtCdtNtfctn></Document>