<?xml version="1.0" encoding="utf-8"?>
<Document xmlns="urn:iso:std:iso:20022:tech:xsd:pain.001.001.03" xmlns:xsi="http://www.w3.org/2001/XMLSchema-instance">
	<CstmrCdtTrfInitn>
		<GrpHdr>
			<MsgId>Example 1</MsgId>
			<CreDtTm>2020-10-30T00:00:00</CreDtTm>
			<NbOfTxs>1</NbOfTxs>
			<CtrlSum>100.00</CtrlSum>
			<InitgPty>
				<Id>
					<OrgId>
						<Othr>
							<Id>123456789</Id>
						</Othr>
					</OrgId>
				</Id>
			</InitgPty>
		</GrpHdr>
		<PmtInf>
			<PmtInfId>Example 1</PmtInfId>
			<PmtMtd>TRF</PmtMtd>
			<ReqdExctnDt>2020-10-31</ReqdExctnDt>
			<Dbtr>
				<Nm>TESTCOMPANY</Nm>
				<Id>
					<OrgId>
						<Othr>
							<Id>123456789</Id>
						</Othr>
					</OrgId>
				</Id>
				<CtryOfRes>SE</CtryOfRes>
			</Dbtr>
			<DbtrAcct>
				<Id>
					<IBAN>SE1110000000000123456789</IBAN>
				</Id>
			</DbtrAcct>
			<DbtrAgt>
				<FinInstnId>
					<BIC>HANDSESS</BIC>
				</FinInstnId>
			</DbtrAgt>
			<CdtTrfTxInf>
				<PmtId>
					<InstrId>Example 1</InstrId>
					<EndToEndId>Referens</EndToEndId>
				</PmtId>
				<PmtTpInf>
					<SvcLvl>
						<Cd>NURG</Cd>
					</SvcLvl>
					<CtgyPurp>
						<Cd>SUPP</Cd>
					</CtgyPurp>
				</PmtTpInf>
				<Amt>
					<InstdAmt Ccy="SEK">100.00</InstdAmt>
				</Amt>
				<CdtrAgt>
					<FinInstnId>
						<ClrSysMmbId>
							<ClrSysId>
								<Cd>SESBA</Cd>
							</ClrSysId>
							<MmbId>9900</MmbId>
						</ClrSysMmbId>
					</FinInstnId>
				</CdtrAgt>
				<Cdtr>
					<Nm>TESTCOMPANY</Nm>
				</Cdtr>
				<CdtrAcct>
					<Id>
						<Othr>
							<Id>12345678</Id>
							<SchmeNm>
								<Prtry>BGNR</Prtry>
							</SchmeNm>
						</Othr>
					</Id>
				</CdtrAcct>
				<RmtInf>
					<Strd>
						<CdtrRefInf>
							<Tp>
								<CdOrPrtry>
									<Cd>SCOR</Cd>
								</CdOrPrtry>
							</Tp>
							<Ref>123453</Ref>
						</CdtrRefInf>
					</Strd>
				</RmtInf>
			</CdtTrfTxInf>
		</PmtInf>
	</CstmrCdtTrfInitn>
</Document>
